
@article{kipf2016semi,
  title={Semi-supervised classification with graph convolutional networks},
  author={Kipf, Thomas N and Welling, Max},
  journal={arXiv preprint arXiv:1609.02907},
  year={2016},
  url={https://arxiv.org/abs/1609.02907}
}

@article{hamilton2017inductive,
  title={Inductive representation learning on large graphs},
  author={Hamilton, William L and Ying, Rex and Leskovec, Jure},
  journal={arXiv preprint arXiv:1706.02216},
  year={2017},
  url={https://arxiv.org/abs/1706.02216}
}

@article{velivckovic2017graph,
  title={Graph attention networks},
  author={Veli{\v{c}}kovi{\'c}, Petar and Cucurull, Guillem and Casanova, Arantxa and Romero, Adriana and Lio, Pietro and Bengio, Yoshua},
  journal={arXiv preprint arXiv:1710.10903},
  year={2017},
  url={https://arxiv.org/abs/1710.10903}
}

@article{vaswani2017attention,
  title={Attention is all you need},
  author={Vaswani, Ashish and Shazeer, Noam and Parmar, Niki and Uszkoreit, Jakob and Jones, Llion and Gomez, Aidan N and Kaiser, Lukasz and Polosukhin, Illia},
  journal={arXiv preprint arXiv:1706.03762},
  year={2017},
  url={https://arxiv.org/abs/1706.03762}
}

@article{sukharev2020ews,
  title={EWS-GCN: Edge Weight-Shared Graph Convolutional Network for Transactional Banking Data},
  author={Sukharev, Ivan and Shumovskaia, Valentina and Fedyanin, Kirill and Panov, Maxim and Berestnev, Dmitry},
  journal={arXiv preprint arXiv:2009.14588},
  year={2020},
  url={https://arxiv.org/abs/2009.14588}
}

@book{Newman2010,
  author = {Newman, Mark},
  title = {Networks: An Introduction},
  year = {2010},
  isbn = {0199206651},
  publisher = {Oxford University Press, Inc.}
}

@inproceedings{perozzi2014deepwalk,
  title={Deepwalk: Online learning of social representations},
  author={Perozzi, Bryan and Al-Rfou, Rami and Skiena, Steven},
  booktitle={Proceedings of the 20th ACM SIGKDD international conference on Knowledge discovery and data mining},
  pages={701--710},
  year={2014},
  url={https://doi.org/10.1145/2623330.2623732}
}

@inproceedings{grover2016node2vec,
  title={node2vec: Scalable feature learning for networks},
  author={Grover, Aditya and Leskovec, Jure},
  booktitle={Proceedings of the 22nd ACM SIGKDD international conference on Knowledge discovery and data mining},
  pages={855--864},
  year={2016},
  url={https://doi.org/10.1145/2939672.2939754}
}

@article{kim2012multiplicative,
  title={Multiplicative attribute graph model of real-world networks},
  author={Kim, Myunghwan and Leskovec, Jure},
  journal={Internet mathematics},
  volume={8},
  number={1-2},
  pages={113--160},
  year={2012},
  publisher={Taylor \& Francis},
  url={https://doi.org/10.1080/15427951.2012.625257}
}

@inproceedings{ying2018graph,
  title={Graph convolutional neural networks for web-scale recommender systems},
  author={Ying, Rex and He, Ruining and Chen, Kaifeng and Eksombatchai, Pong and Hamilton, William L and Leskovec, Jure},
  booktitle={Proceedings of the 24th ACM SIGKDD International Conference on Knowledge Discovery \& Data Mining},
  pages={974--983},
  year={2018},
  url={https://doi.org/10.1145/3219819.3219890}
}

@inproceedings{you2018graphrnn,
  title={Graphrnn: Generating realistic graphs with deep auto-regressive models},
  author={You, Jiaxuan and Ying, Rex and Ren, Xiang and Hamilton, William and Leskovec, Jure},
  booktitle={International Conference on Machine Learning},
  pages={5708--5717},
  year={2018},
  organization={PMLR},
  url={http://proceedings.mlr.press/v80/you18a.html}
}

@article{moro2014data,
  title={A data-driven approach to predict the success of bank telemarketing},
  author={Moro, S{\'e}rgio and Cortez, Paulo and Rita, Paulo},
  journal={Decision Support Systems},
  volume={62},
  pages={22--31},
  year={2014},
  publisher={Elsevier},
  url={https://doi.org/10.1016/j.dss.2014.03.001}
}

@online{OECD2017,
  author = {OECD},
  title = {G20/OECD INFE report on adult financial literacy in G20 countries},
  url  = {https://www.oecd.org/daf/fin/financial-education/g20-oecd-infe-report-adult-financial-literacy-in-g20-countries.htm},
  year = {2017},
  note = {(accessed: 10.04.2021)}
}
